<?xml version="1.0" encoding="UTF-8"?><collection xmlns="http://www.loc.gov/MARC21/slim"><record><leader>00684nam--2200193-i-4500</leader><controlfield tag="001">000035930</controlfield><controlfield tag="002">20161230</controlfield><controlfield tag="005">20161230201040</controlfield><controlfield tag="008">060222s1000------------r-----000-0-eng-d</controlfield><datafield ind1=" " ind2=" " tag="040"><subfield code="a">IFIN-HH</subfield></datafield><datafield ind1=" " ind2=" " tag="080"><subfield code="a">539.141.1(061.3)</subfield></datafield><datafield ind1="1" ind2=" " tag="100"><subfield code="a">Calogero,F</subfield></datafield><datafield ind1="1" ind2="0" tag="245"><subfield code="a">The nuclear many-body problem</subfield><subfield code="b">Proceedings of the international symposium on present status and novel developments in the nuclear many-body probelm, roma, september 19-23, 1972</subfield><subfield code="c">F. calogero, c. ciofi degli atti (eds.)</subfield></datafield><datafield ind1=" " ind2=" " tag="260"><subfield code="a">Bologna</subfield><subfield code="b">Editrice Compositori</subfield><subfield code="c">1973</subfield></datafield><datafield ind1=" " ind2=" " tag="300"><subfield code="a">2 VOLUME</subfield></datafield><datafield ind1="1" ind2=" " tag="700"><subfield code="a">Ciofi Degli Atti, C</subfield><subfield code="e">Ed</subfield></datafield><datafield ind1="1" ind2=" " tag="787"><subfield code="a">Volume 2</subfield><subfield code="h">768p</subfield></datafield><datafield ind1=" " ind2=" " tag="852"><subfield code="a">42224</subfield><subfield code="c">539.141</subfield></datafield><datafield ind1=" " ind2=" " tag="CAT"><subfield code="a">Sys</subfield><subfield code="c">20120418</subfield><subfield code="h">114941</subfield></datafield></record></collection>